<record><leader>00000cas a22000007a 4500</leader><controlfield tag="001">31746187</controlfield><controlfield tag="008">941228d195919uunyuwr ne      0    0eng d</controlfield><datafield ind1=" " ind2=" " tag="010"><subfield code="a">sn 95071023 </subfield></datafield><datafield ind1=" " ind2=" " tag="040"><subfield code="a">NYS</subfield><subfield code="b">eng</subfield><subfield code="c">NYS</subfield><subfield code="d">OCLCQ</subfield></datafield><datafield ind1=" " ind2=" " tag="042"><subfield code="a">msc</subfield></datafield><datafield ind1="0" ind2="4" tag="245"><subfield code="a">The Shirley view.</subfield></datafield><datafield ind1=" " ind2=" " tag="260"><subfield code="a">Center Moriches, L.I., N.Y. :</subfield><subfield code="b">Council of Shirley Civic Associations</subfield></datafield><datafield ind1=" " ind2=" " tag="300"><subfield code="a">v. :</subfield><subfield code="b">ill.</subfield></datafield><datafield ind1=" " ind2=" " tag="310"><subfield code="a">Monthly</subfield></datafield><datafield ind1="0" ind2=" " tag="362"><subfield code="a">Vol. 1, no. 1 (Oct. 1959)-</subfield></datafield><datafield ind1=" " ind2=" " tag="530"><subfield code="a">Also issued on microfilm from Suffolk Co-op Library.</subfield></datafield><datafield ind1=" " ind2=" " tag="580"><subfield code="a">Issued with: Moriches Bay view, Oct. 1959-July 1961.</subfield></datafield><datafield ind1=" " ind2="4" tag="651"><subfield code="a">Center Moriches (N.Y.)</subfield><subfield code="v">Newspapers.</subfield></datafield><datafield ind1=" " ind2="4" tag="651"><subfield code="a">Shirley (N.Y.)</subfield><subfield code="v">Newspapers.</subfield></datafield><datafield ind1=" " ind2="4" tag="651"><subfield code="a">Suffolk County (N.Y.)</subfield><subfield code="v">Newspapers.</subfield></datafield><datafield ind1=" " ind2=" " tag="752"><subfield code="a">United States</subfield><subfield code="b">New York</subfield><subfield code="c">Suffolk</subfield><subfield code="d">Center Moriches.</subfield></datafield><datafield ind1=" " ind2=" " tag="752"><subfield code="a">United States</subfield><subfield code="b">New York</subfield><subfield code="c">Suffolk</subfield><subfield code="d">Shirley.</subfield></datafield><datafield ind1="1" ind2=" " tag="777"><subfield code="t">Moriches Bay view</subfield><subfield code="w">(DLC)sn 84031473</subfield></datafield><datafield ind1="0" ind2="4" tag="785"><subfield code="t">Moriches Bay tide</subfield><subfield code="w">(DLC)sn 84031472</subfield></datafield><datafield ind1="1" ind2=" " tag="029"><subfield code="a">AU@</subfield><subfield code="b">000011527012</subfield></datafield></record>